<record><leader>00000cas a2200000 a 4500</leader><controlfield tag="001">21990895</controlfield><controlfield tag="008">900711d188u1uuuilucr ne      0    0eng c</controlfield><datafield ind1=" " ind2=" " tag="010"><subfield code="a">sn 90054984 </subfield></datafield><datafield ind1=" " ind2=" " tag="040"><subfield code="a">NVF</subfield><subfield code="b">eng</subfield><subfield code="c">NVF</subfield><subfield code="d">NVF</subfield><subfield code="d">OCLCF</subfield><subfield code="d">OCLCO</subfield></datafield><datafield ind1="1" ind2=" " tag="029"><subfield code="a">AU@</subfield><subfield code="b">000020604295</subfield></datafield><datafield ind1=" " ind2=" " tag="042"><subfield code="a">pcc</subfield></datafield><datafield ind1=" " ind2=" " tag="043"><subfield code="a">n-us-il</subfield></datafield><datafield ind1="0" ind2=" " tag="130"><subfield code="a">Times (Paris, Ill.)</subfield></datafield><datafield ind1="1" ind2="4" tag="245"><subfield code="a">The times.</subfield></datafield><datafield ind1=" " ind2=" " tag="260"><subfield code="a">Paris, Ill. :</subfield><subfield code="b">C.V. Jaquith and T.E. Garner</subfield></datafield><datafield ind1=" " ind2=" " tag="300"><subfield code="a">v.</subfield></datafield><datafield ind1=" " ind2=" " tag="310"><subfield code="a">Semiweekly</subfield></datafield><datafield ind1=" " ind2=" " tag="588"><subfield code="a">Description based on: Vol. 10, no. 40 (Apr. 9, 1884).</subfield></datafield><datafield ind1=" " ind2=" " tag="588"><subfield code="a">Latest issue consulted: July 18, 1885.</subfield></datafield><datafield ind1=" " ind2="0" tag="651"><subfield code="a">Paris (Ill.)</subfield><subfield code="v">Newspapers.</subfield></datafield><datafield ind1=" " ind2="7" tag="655"><subfield code="a">Newspapers.</subfield><subfield code="2">fast</subfield><subfield code="0">(OCoLC)fst01423814</subfield></datafield><datafield ind1=" " ind2="7" tag="651"><subfield code="a">Illinois</subfield><subfield code="z">Paris.</subfield><subfield code="2">fast</subfield><subfield code="0">(OCoLC)fst01219149</subfield></datafield><datafield ind1=" " ind2=" " tag="752"><subfield code="a">United States</subfield><subfield code="b">Illinois</subfield><subfield code="c">Edgar</subfield><subfield code="d">Paris.</subfield></datafield><datafield ind1="0" ind2="0" tag="780"><subfield code="t">Paris weekly times</subfield><subfield code="w">(DLC)sn 90054983</subfield><subfield code="w">(OCoLC)21990788</subfield></datafield></record>